@inbook{python,
       author = {Allen Downey},
       title = {Epidemiology},
       url = {https://allendowney.github.io/ModSimPy/index.html},
       booktitle = {Modeling and Simulation in Python},
       publisher = {No Starch Press}
}

@article{behavior,
        author = {Fred Brauer},
        title = {A simple model for behaviour change in epidemics},
        volume = {11},
        DOI = {10.1186/1471-2458-11-s1-s3},
        number = {S1},
        journal = {BMC Public Health},
        year = {2011},
        month = feb
}

@article{dynamic,
        author = {Shaobo He, Yuexi Peng, Kehui Sun},
        title = {SEIR modeling of the COVID-19 and its dynamics},
        volume = {101},
        DOI = {10.1007/s11071-020-05743-y},
        journal = {Nonlinear Dynamics},
        year = {2020},
        month = jun
        }

@article{review,
        author = {Xueting Qui},
        title = {The role of asymptomatic and pre-symptomatic infection in SARS-CoV-2 transmissionâ€”a living systematic review},
        journal = {Clin Microbial Infect},
        DOI = {10.1016/j.cmi.2021.01.011},
        year = {2021},
        month = jan
        }

@article{cumulative,
        author = {Zhi Hua Lia},
        title = {Predicting the cumulative number of cases for the COVID-19 epidemic in China from early data},
        journal = {Math Biosci Eng},
        DOI = {10.3934/mbe.2020172},
        year = {2020},
        month = apr
}